@article{ref:col_1,
  title   = {Chlorogenic acid prevents UVA-induced skin photoaging through regulating collagen metabolism and apoptosis in human dermal fibroblasts},
  volume  = {23},
  doi     = {10.3390/ijms23136941},
  number  = {13},
  journal = {International Journal of Molecular Sciences},
  author  = {Xue, Nina and Liu, Ying and Jin, Jing},
  year    = {2022},
  month   = {Jun},
  pages   = {6941}
}

@article{ref:gapdh,
  title   = {Age-Related Changes in Relative Expression of Real-Time PCR Housekeeping Genes in Human Skeletal Muscle},
  url     = {https://www.ncbi.nlm.nih.gov/pmc/articles/PMC2291775/},
  author  = {Chad D. Touchberry, Michael J. Wacker},
  journal = {J Biomol Tech},
  year    = {2024},
  month   = {February},
  day     = {20}
} 

@article{ref:myc,
  title   = {Reduced expression of MYC increases longevity and enhances Healthspan},
  volume  = {160},
  doi     = {10.1016/j.cell.2014.12.016},
  number  = {3},
  journal = {Cell},
  author  = {Hofmann, Jeffrey W. and Zhao, Xiaoai},
  year    = {2015},
  month   = {Jan},
  pages   = {477–488}
} 

@article{ref:tert,
  title   = {Telomere dysfunction in ageing and age-related diseases},
  volume  = {24},
  doi     = {10.1038/s41556-022-00842-x},
  number  = {2},
  journal = {Nature Cell Biology},
  author  = {Rossiello, Francesca and Jurk, Diana and Passos, João F.},
  year    = {2022},
  month   = {Feb},
  pages   = {135–147}
} 

@article{ref:uv_induced_aging_tp53,
  title   = {Expression of wild-type p53 is required for efficient global genomic nucleotide excision repair in UV-irradiated human fibroblasts},
  volume  = {272},
  doi     = {10.1074/jbc.272.44.28073},
  number  = {44},
  journal = {Journal of Biological Chemistry},
  author  = {Ford, James M. and Hanawalt, Philip C.},
  year    = {1997},
  month   = {Oct},
  pages   = {28073–28080}
} 

@article{ref:tp53_new,
  title   = {Transcriptional regulation of the p53 tumor suppressor gene in S-phase of the cell-cycle and the cellular response to DNA damage},
  volume  = {2012},
  doi     = {10.1155/2012/808934},
  journal = {Biochemistry Research International},
  author  = {Reisman, David and Takahashi, Paula and Polson, Amanda and Boggs, Kristy},
  year    = {2012},
  pages   = {1–5}
} 

@article{ref:gel,
  title   = {Separation of small-size DNA fragments using agarose gel electrophoresis},
  doi     = {10.1385/1-59259-582-0:35},
  journal = {Lipoprotein Protocols},
  author  = {Ordovas, Jose M.},
  year    = {2012},
  pages   = {35–42}
} 