@article{example,
  author  = {Author, A.},
  title   = {Example Article Title},
  journal = {Journal Name},
  year    = {2023},
  volume  = {1},
  pages   = {1--10}
} 