@ARTICLE{gyngell_2017,
    title={Gene editing and the health of future generations},
    url={https://journals.sagepub.com/doi/10.1177/0141076817705616},
    journal={Journal of the Royal Society of Medicine},
    author={Gyngell, Christopher},
    year={2017},
    month={Apr}
}

@ARTICLE{frosch_2022,
    title={Genome editing in human embryos has unintended side-effects},
    url={https://www.progress.org.uk/genome-editing-in-human-embryos-has-unintended-side-effects/},
    journal={PET},
    author={Frosch, Jennifer},
    year={2022},
    month={Sep}
}

@ARTICLE{sufian_2021,
    title={The Dark Side of CRISPR},
    url={https://www.scientificamerican.com/article/the-dark-side-of-crispr/},
    journal={Scientific American},
    publisher={Scientific American},
    author={Sufian, Sandy},
    year={2021},
    month={Feb}
}

@ARTICLE{araki_ishii_2014,
    title={International regulatory landscape and integration of corrective genome editing into in vitro fertilization - reproductive biology and endocrinology},
    url={https://rbej.biomedcentral.com/articles/10.1186/1477-7827-12-108},
    journal={BioMed Central},
    publisher={BioMed Central},
    author={Araki, Motoko and Ishii, Tetsuya},
    year={2014},
    month={Nov}
}

@ARTICLE{funk_kennedy_sciupac_2020,
    title={2. U.S. public opinion on the future use of gene editing},
    url={https://www.pewresearch.org/science/2016/07/26/u-s-public-opinion-on-the-future-use-of-gene-editing/},
    journal={Pew Research Center Science \& Society},
    publisher={Pew Research Center},
    author={Funk, Cary and Kennedy, Brian and Sciupac, Elizabeth},
    year={2020},
    month={Aug}
}

@ARTICLE{cbs_news_2021,
    title={Gene editing could make social inequalities worse if misused, warns author},
    url={https://www.cbc.ca/radio/thecurrent/the-current-for-march-23-2021-1.5960200/gene-editing-could-make-social-inequalities-worse-if-misused-warns-author-1.5960568},
    journal={CBC News},
    publisher={CBC/Radio Canada},
    author={{CBS News}},
    year={2021},
    month={Mar}
}

@ARTICLE{rubeis_steger_2018,
    title={Risks and benefits of human germline genome editing: An ethical analysis},
    url={https://www.ncbi.nlm.nih.gov/pmc/articles/PMC7747319/},
    journal={Asian bioethics review},
    publisher={U.S. National Library of Medicine},
    author={Rubeis, Giovanni and Steger, Florian},
    year={2018},
    month={Jul}
}

@ARTICLE{world_health_organization_2021,
    title={WHO issues new recommendations on human genome editing for the Advancement of Public Health},
    url={https://www.who.int/news/item/12-07-2021-who-issues-new-recommendations-on-human-genome-editing-for-the-advancement-of-public-health},
    journal={World Health Organization},
    publisher={World Health Organization},
    author={{World Health Organization}},
    year={2021},
    month={Jul}
}

@ARTICLE{department_uk_2021,
    title={The UK rare diseases framework},
    url={https://www.gov.uk/government/publications/uk-rare-diseases-framework/the-uk-rare-diseases-framework},
    journal={gov.uk},
    author={{Department of Health and Social Care, UK}},
    year={2021},
    month={Jan}
}

@ARTICLE{ledford_2017,
    title={CRISPR fixes disease gene in viable human embryos},
    url={https://www.nature.com/articles/nature.2017.22382},
    journal={Nature News},
    publisher={Nature Publishing Group},
    author={Ledford, Heidi},
    year={2017},
    month={Aug}
}