@article{huang2010gold,
  title   = {Gold nanoparticles: Optical properties and implementations in cancer diagnosis and photothermal therapy},
  author  = {Huang, X. and El-Sayed, M. A.},
  journal = {Journal of Advanced Research},
  volume  = {1},
  number  = {1},
  year    = {2010},
  pages   = {13--28},
  issn    = {2090-1232},
  doi     = {10.1016/j.jare.2010.02.002}
}

@article{jana_et_al,
  title     = {Seed-mediated growth approach for shape-controlled synthesis of spheroidal and rod-like gold nanoparticles using a surfactant template},
  author    = {Jana, {N. R.} and L. Gearheart, and Murphy, {C. J.}},
  year      = {2001},
  month     = sep,
  day       = {14},
  doi       = {10.1002/1521-4095(200109)13:18<1389::AID-ADMA1389>3.0.CO;2-F},
  language  = {English (US)},
  volume    = {13},
  pages     = {1389--1393},
  journal   = {Advanced Materials},
  issn      = {0935-9648},
  publisher = {Wiley-VCH},
  number    = {18}
}

@article{Landry_Morrell_Karagounis_Hsia_Wang_2013,
  title   = {Simple syntheses of cdse quantum dots},
  volume  = {91},
  doi     = {10.1021/ed300568e},
  number  = {2},
  journal = {Journal of Chemical Education},
  author  = {Landry, Matthew L. and Morrell, Thomas E. and Karagounis, Theodora K. and Hsia, Chih-Hao and Wang, Chia-Ying},
  year    = {2013},
  month   = {Dec},
  pages   = {274–279}
}

@article{Modern_Vibrational,
  doi     = {10.1002/9781118824924.app1},
  journal = {Modern Vibrational Spectroscopy and Micro‐Spectroscopy},
  year    = {2015},
  month   = {Jun},
  pages   = {365–372}
} 

@article{murray1993synthesis,
  title   = {Synthesis and characterization of nearly monodisperse CdE (E = sulfur, selenium, tellurium) semiconductor nanocrystallites},
  author  = {Murray, C. B. and Norris, D. J. and Bawendi, M. G.},
  journal = {Journal of the American Chemical Society},
  volume  = {115},
  pages   = {8770--8775},
  year    = {1993}
} 

@article{Nikoobakht_El_Sayed_2003,
  title   = {Preparation and growth mechanism of Gold Nanorods (NRS) using seed-mediated growth method},
  volume  = {15},
  doi     = {10.1021/cm020732l},
  number  = {10},
  journal = {Chemistry of Materials},
  author  = {Nikoobakht, Babak and El-Sayed, Mostafa A.},
  year    = {2003},
  month   = {Apr},
  pages   = {1957–1962}
} 