% This is a sample bibliography file
% Add your references here in BibTeX format

@article{Paddon2013,
  author = {Paddon, C. J. and Westfall, P. J. and Pitera, D. J. and Benjamin, K. and Fisher, K. and McPhee, D. and Leavell, M. D. and Tai, A. and Main, A. and Eng, D. and Polichuk, D. R. and Teoh, K. H. and Reed, D. W. and Treynor, T. and Lenihan, J. and Jiang, H. and Fleck, M. and Bajad, S. and Dang, G. and Dengrove, D. and Diola, D. and Dorin, G. and Ellens, K. W. and Fickes, S. and Galazzo, J. and Gaucher, S. P. and Geistlinger, T. and Henry, R. and Hepp, M. and Horning, T. and Iqbal, T. and Jiang, H. and Kizer, L. and Lieu, B. and Melis, D. and Moss, N. and Regentin, R. and Secrest, S. and Tseng, H. and Waqas, R. and Weyler, S. and Yang, Z. and Zhang, Y. and Zhao, L. and Lievense, J. and McPhee, D. J. and Renninger, N. S. and Newman, J. D. and Pitera, D. J. and Chang, M. C. Y. and Keasling, J. D.},
  title = {High-level semi-synthetic production of the potent antimalarial artemisinin},
  journal = {Nature},
  volume = {496},
  number = {7446},
  pages = {528--532},
  year = {2013},
  doi = {10.1038/nature12051}
}

@article{Gonzalez2020,
  author = {Gonz√°lez, A. and Hall, M. N. and Lin, S. C. and Hardwick, J. S.},
  title = {Rap1p and other transcriptional regulators can function in defining distinct domains of gene expression},
  journal = {Nucleic Acids Research},
  volume = {48},
  number = {22},
  pages = {12534--12555},
  year = {2020},
  doi = {10.1093/nar/gkaa1129}
}

@article{Miura1998,
  author = {Miura, Y. and Kondo, K. and Saito, T. and Shimada, H. and Fraser, P. D. and Misawa, N.},
  title = {Production of the carotenoids lycopene, beta-carotene, and astaxanthin in the food yeast Candida utilis},
  journal = {Applied and Environmental Microbiology},
  volume = {64},
  number = {4},
  pages = {1226--1229},
  year = {1998},
  doi = {10.1128/AEM.64.4.1226-1229.1998}
}

@article{Tang2020,
  author = {Tang, H. and Wu, Y. and Deng, J. and Chen, N. and Zheng, Z. and Wei, Y. and Luo, X. and Keasling, J. D.},
  title = {Promoter Architecture and Promoter Engineering in Saccharomyces cerevisiae},
  journal = {Metabolites},
  volume = {10},
  number = {8},
  pages = {320},
  year = {2020},
  doi = {10.3390/metabo10080320},
  note = {PMCID: PMC7466126}
} 