@inbook{fenner_1988,
  author = {Fenner, Frank},
  year = {1988},
  title = {Chapter 6: Early efforts at control: variolation, vaccination, and isolation and quarantine},
  booktitle = {Smallpox and its eradication},
  publisher = {World Health Organization},
  place = {Geneva},
  chapter = {6}
}

@inbook{millward_2019,
  author = {Millward, Gareth},
  year = {2019},
  title = {Chapter 2: Smallpox},
  booktitle = {Vaccinating Britain: Mass vaccination and the public since the Second World War},
  publisher = {Manchester University Press},
  place = {Manchester},
  chapter = {2}
}

@book{jenner_2012,
  author = {Jenner, Edward},
  year = {2012},
  title = {An inquiry into the causes and effects of the variolae Vaccinae},
  publisher = {Dodo Press},
  place = {England}
}

@inbook{edwardes_2007,
  author = {Edwardes, Edward J.},
  year = {2007},
  title = {A concise history of small-pox and vaccination in Europe},
  booktitle = {A concise history of small-pox and vaccination in Europe},
  publisher = {Kessinger Publishing},
  pages = {42},
  chapter = {1}
}

@inbook{edwardes_2007_,
  author = {Edwardes, Edward J.},
  year = {2007},
  title = {A concise history of small-pox and vaccination in Europe},
  booktitle = {A concise history of small-pox and vaccination in Europe},
  publisher = {Kessinger Publishing},
  pages = {72},
  chapter = {1}
}

@book{wallace_wheeler_1889,
  author = {Wallace, Alfred Russel and Wheeler, Alexander},
  year = {1889},
  title = {Forty-five years of registration statistics, proving vaccination to be both useless and dangerous: In two parts},
  publisher = {E.W. Allen},
  place = {London}
}

@article{CDC2009,
  author = {{Centers for Disease Control and Prevention (CDC)}},
  title = {Alfred Russel Wallace and the Antivaccination Movement in Victorian England},
  journal = {Emerging Infectious Diseases},
  volume = {16},
  number = {4},
  year = {2010},
  url = {https://wwwnc.cdc.gov/eid/article/16/4/09-0434_article}
}

@misc{WHO,
  author = {{World Health Organization}},
  title = {The History of Smallpox Vaccination},
  year = {2021},
  url = {https://www.who.int/news-room/spotlight/history-of-vaccination/history-of-smallpox-vaccination}
}

@misc{colin_r,
  author = {{Colin R}},
  title = {The impact on public health of the 19th century anti-vaccination},
  year = {2003},
  url = {https://socgenmicrobiol.org.uk/pubs/micro_today/pdf/020309.pdf}
}

@misc{faherty,
  author = {Faherty, Anna},
  title = {The child whose town rejected vaccines},
  year = {2017},
  url = {https://wellcomecollection.org/articles/WsT4Ex8AAHruGfXd},
  journal = {Wellcome Collection}
}

@book{moseley_1807,
  author = {Moseley, Benjamin},
  year = {1807},
  title = {An Oliver for a Rowland: Or, a cow pox epistle to the reverend Rowland Hill, "under the wing of Surrey Chapel."},
  publisher = {Sold by Longman, Hurst, Rees, and Orme; Cuthell and Martin; Highley; Ridgeway; and Callow},
  place = {London}
}

@misc{the_morgan_library,
  author = {{The Morgan Library}},
  title = {The cow-pock,-or-the wonderful effects of the new inoculation!},
  year = {2021},
  month = {Feb},
  url = {https://www.themorgan.org/blog/cow-pock-or-wonderful-effects-new-inoculation},
  journal = {The Morgan Library \& Museum}
}

@misc{gillray_1802,
  author = {Gillray, James},
  title = {The cow-pock,-or-the wonderful effects of the new inoculation!},
  year = {1802},
  url = {https://www.themorgan.org/blog/cow-pock-or-wonderful-effects-new-inoculation},
  journal = {The Morgan Library \& Museum}
}

@misc{williams_1802,
  author = {Williams, Charles},
  title = {A monster being fed baskets of infants and excreting them with horns; symbolising vaccination and its effects},
  year = {1802},
  url = {https://wellcomecollection.org/works/vbux8st5/items},
  journal = {Wellcome Collection}
}

@misc{the_national_archives_2022,
  author = {{The National Archives}},
  title = {Victorian Health Reform},
  year = {2022},
  month = {Nov},
  url = {https://www.nationalarchives.gov.uk/education/resources/victorian-health-reform/},
  journal = {The National Archives},
  publisher = {The National Archives}
}

@misc{tebb_1887,
  author = {Tebb, William},
  title = {Some leading arguments against compulsory vaccination / issued by the London Society for the abolition of compulsory vaccination},
  year = {1887},
  url = {https://wellcomecollection.org/works/rnpma4e8/items},
  journal = {Wellcome Collection}
}

@misc{baxby_2002,
  author = {Baxby, Derrick},
  title = {Smallpox vaccination techniques; from knives and forks to needles and Pins},
  year = {2002},
  url = {https://pubmed.ncbi.nlm.nih.gov/11972983/},
  journal = {Vaccine},
  publisher = {U.S. National Library of Medicine}
} 