@article{Bannister_Kouzarides_2011,
  title   = {Regulation of chromatin by histone modifications},
  volume  = {21},
  doi     = {10.1038/cr.2011.22},
  number  = {3},
  journal = {Cell Research},
  author  = {Bannister, Andrew J and Kouzarides, Tony},
  year    = {2011},
  month   = {Feb},
  pages   = {381--395}
} 

@article{Park_Lim_2018,
  title   = {Epigenetic switch from repressive to permissive chromatin in response to cold stress},
  volume  = {115},
  doi     = {10.1073/pnas.1721241115},
  number  = {23},
  journal = {Proceedings of the National Academy of Sciences},
  author  = {Park, Junghoon and Lim, Chae Jin},
  year    = {2018},
  month   = {May}
} 

@article{zohar_2022_a,
  author = {Zohar, Barak and Debbi, Lior and Machour, Majd and Nachum, Netta and Redenski, Idan and Epshtein, Mark and Korin, Netanel and Levenberg, Shulamit},
  month = {05},
  title = {A micro-channel array in a tissue engineered vessel graft guides vascular morphogenesis for anastomosis with self-assembled vascular networks},
  doi = {10.1016/j.actbio.2022.05.026},
  urldate = {2023-01-31},
  volume = {163},
  year = {2022},
  journal = {Acta Biomaterialia}
}

@article{cui_2019_application,
  author = {Cui, Ping and Wang, Sicen},
  month = {08},
  pages = {238-247},
  title = {Application of microfluidic chip technology in pharmaceutical analysis: A review},
  doi = {10.1016/j.jpha.2018.12.001},
  url = {https://www.ncbi.nlm.nih.gov/pmc/articles/PMC6704040/},
  volume = {9},
  year = {2019},
  journal = {Journal of Pharmaceutical Analysis}
}

@article{quintard_2024_a,
  author = {Quintard, Clément and Tubbs, Emily and Jonsson, Gustav and Laporte, Camille and Amandine Pitaval and Joris Kaal and Navarro, Fabrice and Yves Fouillet and Penninger, Josef and Gidrol, Xavier},
  month = {02},
  publisher = {Nature Portfolio},
  title = {A microfluidic platform integrating functional vascularized organoids-on-chip},
  doi = {10.1038/s41467-024-45710-4},
  urldate = {2024-03-07},
  volume = {15},
  year = {2024},
  journal = {Nature Communications}
}

@article{koike_2004_creation,
  author = {Koike, Naoto and Fukumura, Dai and Gralla, Oliver and Au, Patrick and Schechner, Jeffrey S. and Jain, Rakesh K.},
  month = {03},
  pages = {138-139},
  title = {Creation of long-lasting blood vessels},
  doi = {10.1038/428138a},
  urldate = {2020-05-22},
  volume = {428},
  year = {2004},
  journal = {Nature}
}

@article{kim_2013_engineering,
  author = {Kim, Sudong and Lee, Hyunjae and Chung, Minhwan and Jeon, Noo Li},
  pages = {1489},
  title = {Engineering of functional, perfusable 3D microvascular networks on a chip},
  doi = {10.1039/c3lc41320a},
  url = {https://pubs.rsc.org/en/content/articlelanding/2013/lc/c3lc41320a},
  volume = {13},
  year = {2013},
  journal = {Lab on a Chip}
}

@article{grebenyuk_2019_engineering,
  author = {Grebenyuk, Sergei and Ranga, Adrian},
  month = {03},
  title = {Engineering Organoid Vascularization},
  doi = {10.3389/fbioe.2019.00039},
  url = {https://www.frontiersin.org/articles/10.3389/fbioe.2019.00039/full},
  volume = {7},
  year = {2019},
  journal = {Frontiers in Bioengineering and Biotechnology}
}

@article{mariagraziabarbato_2021_a,
  author = {Maria Grazia Barbato and Pereira, Rui C and Mollica, Hilaria and Palange, AnnaLisa and Ferreira, Miguel and Paolo Decuzzi},
  month = {07},
  pages = {409-423},
  publisher = {Elsevier BV},
  title = {A permeable on-chip microvasculature for assessing the transport of macromolecules and polymeric nanoconstructs},
  doi = {10.1016/j.jcis.2021.03.053},
  urldate = {2024-02-06},
  volume = {594},
  year = {2021},
  journal = {Journal of Colloid and Interface Science}
}

@article{nakatsu_2003_vegf121,
  author = {Nakatsu, Martin N and Sainson, Richard C A and Pérez-del-Pulgar, Sofía and Aoto, Jason N and Aitkenhead, Mark and Taylor, Kevin L and Carpenter, Philip M and Hughes, Christopher C W},
  month = {12},
  pages = {1873-1885},
  title = {VEGF121 and VEGF165 Regulate Blood Vessel Diameter Through Vascular Endothelial Growth Factor Receptor 2 in an in vitro Angiogenesis Model},
  doi = {10.1097/01.lab.0000107160.81875.33},
  urldate = {2022-10-31},
  volume = {83},
  year = {2003},
  journal = {Laboratory Investigation}
}

@article{liu_2022_angiogenesis,
  author = {Liu, Yufang and Li, Jiao and Zhou, Jiasheng and Liu, Xue and Li, Huibing and Lu, Yao and Lin, Bingcheng and Li, Xiaojie and Liu, Tingjiao},
  month = {01},
  pages = {225},
  title = {Angiogenesis and Functional Vessel Formation Induced by Interstitial Flow and Vascular Endothelial Growth Factor Using a Microfluidic Chip},
  doi = {10.3390/mi13020225},
  url = {https://www.ncbi.nlm.nih.gov/pmc/articles/PMC8876009/},
  urldate = {2024-03-21},
  volume = {13},
  year = {2022},
  journal = {Micromachines}
}

@article{abdulsisak_2020_in,
  author = {Abdul Sisak, Muhammad Asri and Louis, Fiona and Matsusaki, Michiya},
  month = {08},
  pages = {871–881},
  title = {In vitro fabrication and application of engineered vascular hydrogels},
  doi = {10.1038/s41428-020-0331-z},
  url = {https://www.nature.com/articles/s41428-020-0331-z},
  urldate = {2023-11-18},
  volume = {52},
  year = {2020},
  journal = {Polymer Journal}
}


@article{wetting_forces,
author = {de Wijs, Willem-Jan A. and Laven, Jozua and de With, Gijsbertus},
title = {Wetting forces and meniscus pinning at geometrical edges},
journal = {AIChE Journal},
volume = {62},
number = {12},
pages = {4453-4465},
keywords = {wetting, surface tension, Wilhelmy method, law of Laplace, arching of wetting line, meniscus pinning},
doi = {https://doi.org/10.1002/aic.15341},
url = {https://aiche.onlinelibrary.wiley.com/doi/abs/10.1002/aic.15341},
eprint = {https://aiche.onlinelibrary.wiley.com/doi/pdf/10.1002/aic.15341},
year = {2016}
}


@article{zohar_2022_a,
  author = {Zohar, Barak and Debbi, Lior and Machour, Majd and Nachum, Netta and Redenski, Idan and Epshtein, Mark and Korin, Netanel and Levenberg, Shulamit},
  month = {05},
  title = {A micro-channel array in a tissue engineered vessel graft guides vascular morphogenesis for anastomosis with self-assembled vascular networks},
  doi = {10.1016/j.actbio.2022.05.026},
  urldate = {2023-01-31},
  volume = {163},
  year = {2022},
  journal = {Acta Biomaterialia}
}

@article{cui_2019_application,
  author = {Cui, Ping and Wang, Sicen},
  month = {08},
  pages = {238-247},
  title = {Application of microfluidic chip technology in pharmaceutical analysis: A review},
  doi = {10.1016/j.jpha.2018.12.001},
  url = {https://www.ncbi.nlm.nih.gov/pmc/articles/PMC6704040/},
  volume = {9},
  year = {2019},
  journal = {Journal of Pharmaceutical Analysis}
}

@article{quintard_2024_a,
  author = {Quintard, Clément and Tubbs, Emily and Jonsson, Gustav and Laporte, Camille and Amandine Pitaval and Joris Kaal and Navarro, Fabrice and Yves Fouillet and Penninger, Josef and Gidrol, Xavier},
  month = {02},
  publisher = {Nature Portfolio},
  title = {A microfluidic platform integrating functional vascularized organoids-on-chip},
  doi = {10.1038/s41467-024-45710-4},
  urldate = {2024-03-07},
  volume = {15},
  year = {2024},
  journal = {Nature Communications}
}

@article{koike_2004_creation,
  author = {Koike, Naoto and Fukumura, Dai and Gralla, Oliver and Au, Patrick and Schechner, Jeffrey S. and Jain, Rakesh K.},
  month = {03},
  pages = {138-139},
  title = {Creation of long-lasting blood vessels},
  doi = {10.1038/428138a},
  urldate = {2020-05-22},
  volume = {428},
  year = {2004},
  journal = {Nature}
}

@article{kim_2013_engineering,
  author = {Kim, Sudong and Lee, Hyunjae and Chung, Minhwan and Jeon, Noo Li},
  pages = {1489},
  title = {Engineering of functional, perfusable 3D microvascular networks on a chip},
  doi = {10.1039/c3lc41320a},
  url = {https://pubs.rsc.org/en/content/articlelanding/2013/lc/c3lc41320a},
  volume = {13},
  year = {2013},
  journal = {Lab on a Chip}
}

@article{grebenyuk_2019_engineering,
  author = {Grebenyuk, Sergei and Ranga, Adrian},
  month = {03},
  title = {Engineering Organoid Vascularization},
  doi = {10.3389/fbioe.2019.00039},
  url = {https://www.frontiersin.org/articles/10.3389/fbioe.2019.00039/full},
  volume = {7},
  year = {2019},
  journal = {Frontiers in Bioengineering and Biotechnology}
}

@article{mariagraziabarbato_2021_a,
  author = {Maria Grazia Barbato and Pereira, Rui C and Mollica, Hilaria and Palange, AnnaLisa and Ferreira, Miguel and Paolo Decuzzi},
  month = {07},
  pages = {409-423},
  publisher = {Elsevier BV},
  title = {A permeable on-chip microvasculature for assessing the transport of macromolecules and polymeric nanoconstructs},
  doi = {10.1016/j.jcis.2021.03.053},
  urldate = {2024-02-06},
  volume = {594},
  year = {2021},
  journal = {Journal of Colloid and Interface Science}
}

@article{nakatsu_2003_vegf121,
  author = {Nakatsu, Martin N and Sainson, Richard C A and Pérez-del-Pulgar, Sofía and Aoto, Jason N and Aitkenhead, Mark and Taylor, Kevin L and Carpenter, Philip M and Hughes, Christopher C W},
  month = {12},
  pages = {1873-1885},
  title = {VEGF121 and VEGF165 Regulate Blood Vessel Diameter Through Vascular Endothelial Growth Factor Receptor 2 in an in vitro Angiogenesis Model},
  doi = {10.1097/01.lab.0000107160.81875.33},
  urldate = {2022-10-31},
  volume = {83},
  year = {2003},
  journal = {Laboratory Investigation}
}

@article{liu_2022_angiogenesis,
  author = {Liu, Yufang and Li, Jiao and Zhou, Jiasheng and Liu, Xue and Li, Huibing and Lu, Yao and Lin, Bingcheng and Li, Xiaojie and Liu, Tingjiao},
  month = {01},
  pages = {225},
  title = {Angiogenesis and Functional Vessel Formation Induced by Interstitial Flow and Vascular Endothelial Growth Factor Using a Microfluidic Chip},
  doi = {10.3390/mi13020225},
  url = {https://www.ncbi.nlm.nih.gov/pmc/articles/PMC8876009/},
  urldate = {2024-03-21},
  volume = {13},
  year = {2022},
  journal = {Micromachines}
}

@article{abdulsisak_2020_in,
  author = {Abdul Sisak, Muhammad Asri and Louis, Fiona and Matsusaki, Michiya},
  month = {08},
  pages = {871–881},
  title = {In vitro fabrication and application of engineered vascular hydrogels},
  doi = {10.1038/s41428-020-0331-z},
  url = {https://www.nature.com/articles/s41428-020-0331-z},
  urldate = {2023-11-18},
  volume = {52},
  year = {2020},
  journal = {Polymer Journal}
}

@article{vulto_2011_phaseguides,
  author = {Vulto, Paul and Podszun, Susann and Meyer, Philipp and Hermann, Carsten and Manz, Andreas and Urban, Gerald A.},
  pages = {1596},
  title = {Phaseguides: a paradigm shift in microfluidic priming and emptying},
  doi = {10.1039/c0lc00643b},
  urldate = {2022-01-26},
  volume = {11},
  year = {2011},
  journal = {Lab on a Chip}
}

@article{trimm_2022_vascular,
  author = {Trimm, Emily and Red-Horse, Kristy},
  month = {10},
  title = {Vascular endothelial cell development and diversity},
  doi = {10.1038/s41569-022-00770-1},
  volume = {20},
  year = {2022},
  journal = {Nature Reviews Cardiology}
}

@article{tammela_2005_the,
  author = {TAMMELA, T and ENHOLM, B and ALITALO, K and PAAVONEN, K},
  month = {02},
  pages = {550-563},
  title = {The biology of vascular endothelial growth factors},
  doi = {10.1016/j.cardiores.2004.12.002},
  urldate = {2019-08-23},
  volume = {65},
  year = {2005},
  journal = {Cardiovascular Research}
}

@article{limongi_2022_microfluidics,
  author = {Limongi, Tania and Guzzi, Francesco and Parrotta, Elvira and Candeloro, Patrizio and Scalise, Stefania and Lucchino, Valeria and Gentile, Francesco and Tirinato, Luca and Coluccio, Maria Laura and Torre, Bruno and Allione, Marco and Marini, Monica and Susa, Francesca and Fabrizio, Enzo Di and Cuda, Giovanni and Perozziello, Gerardo},
  month = {05},
  pages = {1699},
  title = {Microfluidics for 3D Cell and Tissue Cultures: Microfabricative and Ethical Aspects Updates},
  doi = {10.3390/cells11101699},
  urldate = {2022-11-05},
  volume = {11},
  year = {2022},
  journal = {Cells}
}

@article{campbell_1999_novel,
  author = {Campbell, Julie H. and Efendy, Johnny L. and Campbell, Gordon R.},
  month = {12},
  pages = {1173-1178},
  title = {Novel Vascular Graft Grown Within Recipient’s Own Peritoneal Cavity},
  doi = {10.1161/01.res.85.12.1173},
  volume = {85},
  year = {1999},
  journal = {Circulation Research}
}

@article{elomaa_2022_in,
  author = {Elomaa, Laura and Lindner, Marcus and Leben, Ruth and Raluca Niesner and Weinhart, Marie},
  month = {10},
  pages = {015004-015004},
  title = {In vitro vascularization of hydrogel-based tissue constructs via a combined approach of cell sheet engineering and dynamic perfusion cell culture},
  doi = {10.1088/1758-5090/ac9433},
  urldate = {2023-06-09},
  volume = {15},
  year = {2022},
  journal = {Biofabrication}
}

@article{oconnor_2022_engineering,
  author = {O’Connor, Colleen and Brady, Eileen and Zheng, Ying and Moore, Erika and Stevens, Kelly R.},
  month = {05},
  pages = {1–15},
  title = {Engineering the multiscale complexity of vascular networks},
  doi = {10.1038/s41578-022-00447-8},
  url = {https://www.nature.com/articles/s41578-022-00447-8},
  volume = {7},
  year = {2022},
  journal = {Nature Reviews Materials}
}

@article{vulto_2011_phaseguides,
  author = {Vulto, Paul and Podszun, Susann and Meyer, Philipp and Hermann, Carsten and Manz, Andreas and Urban, Gerald A.},
  pages = {1596},
  title = {Phaseguides: a paradigm shift in microfluidic priming and emptying},
  doi = {10.1039/c0lc00643b},
  urldate = {2022-01-26},
  volume = {11},
  year = {2011},
  journal = {Lab on a Chip}
}

@misc{a2019_elegoo,
  month = {02},
  title = {ELEGOO Standard Photopolymer Resin 1KG Colored},
  url = {https://www.elegoo.com/products/elegoo-standard-resin},
  urldate = {2024-06-12},
  year = {2019},
  organization = {ELEGOO Official}
}


@article{dibble_2023_the,
  author = {Dibble, Matthew and Stefania Di Cio and Luo, Piaopiao and Balkwill, Frances and Gautrot, Julien E},
  month = {04},
  publisher = {Nature Portfolio},
  title = {The impact of pericytes on the stability of microvascular networks in response to nanoparticles},
  doi = {10.1038/s41598-023-31352-x},
  volume = {13},
  year = {2023},
  journal = {Scientific reports}
}

@article{tu_2022_a,
  author = {Tu, Ting-Yuan and Shen, Yen-Ping and Lim, Sei-Hien and Wang, Yang-Kao},
  month = {05},
  title = {A Facile Method for Generating a Smooth and Tubular Vessel Lumen Using a Viscous Fingering Pattern in a Microfluidic Device},
  doi = {10.3389/fbioe.2022.877480},
  urldate = {2022-08-27},
  volume = {10},
  year = {2022},
  journal = {Frontiers in Bioengineering and Biotechnology}
}

@article{yang_2020_optimization,
  author = {Yang, Feipeng and Cohen, Ronald N. and Brey, Eric M.},
  month = {09},
  pages = {114},
  title = {Optimization of Co-Culture Conditions for a Human Vascularized Adipose Tissue Model},
  doi = {10.3390/bioengineering7030114},
  volume = {7},
  year = {2020},
  journal = {Bioengineering}
}

@article{ferrara_1999_role,
  author = {Ferrara, Napoleone},
  month = {09},
  pages = {794-814},
  title = {Role of vascular endothelial growth factor in the regulation of angiogenesis},
  doi = {10.1046/j.1523-1755.1999.00610.x},
  volume = {56},
  year = {1999},
  journal = {Kidney International}
}


@misc{identx_3_chip_aim_biotech,
  title = {IdenTx 3 Chip 25 Chips per Box},
  url = {https://aimbiotech.com/product/identx-3-chip/},
  publisher = {AIM Biotech},
  note = {Last checked: 2024-06-12}
}



@article{Kawara2023,
  author = {Shusei Kawara and Brian Cunningham and James Bezer and Neelima Kc and Jingwen Zhu and Meng-Xing Tang and Jun Ishihara and James J. Choi and Sam H. Au},
  title = {Capillary-Scale Hydrogel Microchannel Networks by Wire Templating},
  journal = {Small},
  year = {2023},
  volume = {19},
  number = {42},
  pages = {e2301163},
  doi = {10.1002/smll.202301163},
  month = {Oct}
}
