
@misc{tung_oil,
  title = {Tung Oil as a Woodworking Finish},
  howpublished = {\url{https://www.woodworkdetails.com/knowledge/finishing/tung-oil/}},
  note = {Accessed: \today}
}
@misc{watson_and_crick,
  title = {The Famous Watson and Crick DNA Image},
  howpublished = {\url{http://dataphys.org/list/watson-and-cricks-3d-model-of-dna/}},
  note = {Accessed: \today}
}