@article{Bannister_Kouzarides_2011,
  title   = {Regulation of chromatin by histone modifications},
  volume  = {21},
  doi     = {10.1038/cr.2011.22},
  number  = {3},
  journal = {Cell Research},
  author  = {Bannister, Andrew J and Kouzarides, Tony},
  year    = {2011},
  month   = {Feb},
  pages   = {381--395}
} 

@article{Park_Lim_2018,
  title   = {Epigenetic switch from repressive to permissive chromatin in response to cold stress},
  volume  = {115},
  doi     = {10.1073/pnas.1721241115},
  number  = {23},
  journal = {Proceedings of the National Academy of Sciences},
  author  = {Park, Junghoon and Lim, Chae Jin},
  year    = {2018},
  month   = {May}
} 